@incollection{dict:cambridge:robot,
  title = {robot, n.},
  booktitle = {Cambridge Dictionary},
  url       = {https://dictionary.cambridge.org/dictionary/english/robot},
  urldate   = {2022-01-25},
}
@incollection{dict:mw:robot,
  title = {robot, n.},
  booktitle = {Merriam-Webster Dictionary},
  url       = {https://www.merriam-webster.com/dictionary/robot},
  urldate   = {2022-01-25},
}
@incollection{dict:mw:robot,
  title = {robot, n.},
  booktitle = {Merriam-Webster Dictionary},
  url       = {https://www.merriam-webster.com/dictionary/robot},
  urldate   = {2022-01-25},
}
@incollection{dict:daijirin:robot,
  title     = {ロボット},
  booktitle = {スーパー大辞林3.0},
  editor    = {村松 明},
  year      = {2014},
  publisher = {三省堂},
}
@misc{patent:cobots,
  title     = {Cobots},
  author    = {Colgate, James E. and Peshkin, Michael A.},
  year      = {1999},
  month     = {Sep}
}